@inproceedings{EARS09,
  author    = {Alistair Mavin and
               Philip Wilkinson and
               Mark Novak},
  title     = {{Easy Approach to Requirements Syntax} {(EARS)}},
  booktitle = {{RE}},
  year      = {2009},
	publisher={IEEE}
}

@Misc{earsctrlProcess,
  title        = {{EARS-CTRL Model Development Environment}},
  howpublished = {\url{https://github.com/levilucio/EARS-CTRL.git}}
}

@inproceedings{LucioRCA16,
  author    = {Levi L{\'{u}}cio and Salman Rahman and Chih-Hong Cheng and Alistair Mavin},
  title     = {Just Formal Enough? Automated Analysis of EARS Requirements},
  booktitle = {{NASA} Formal Methods - 9th International Symposium, {NFM} 2017, Moffett
               Field, CA, USA, Proceedings},
  series    = {Lecture Notes in Computer Science},
  publisher = {Springer},
  volume    = {10227},
  pages   = {427--434}, 
  year      = {2017},
}

@inproceedings{LucioRAM17,
  author    = {Levi L{\'{u}}cio and
               Salman Rahman and
               Saad bin Abid and
               Alistair Mavin},
  title     = {{EARS-CTRL:} Generating Controllers for Dummies},
  booktitle = {Proceedings of {MODELS} 2017 Satellite Event:  FlexMDE,  20th International Conference on Model Driven Engineering
               Languages and Systems {(MODELS} 2017), Austin, TX, USA},
  pages     = {566--570},
  series    = {{CEUR} Workshop Proceedings},
  volume    = {2019},
  publisher = {CEUR-WS.org},
  year      = {2017},
}

